@article{zaouter2020autonomous,
  title={Autonomous systems in anesthesia: where do we stand in 2020? A narrative review},
  author={Zaouter, C{\'e}drick and Joosten, Alexandre and Rinehart, Joseph and Struys, Michel MRF and Hemmerling, Thomas M},
  journal={Anesthesia \& Analgesia},
  volume={130},
  number={5},
  pages={1120--1132},
  year={2020},
  publisher={Wolters Kluwer}
}