@book{bellman1957,
  author          = {Bellman, Richard},
  title           = {Dynamic Programming},
  publisher       = {Princeton University Press},
  year            = {1957},
  address         = {Princeton, NJ, USA},
  edition         = {1},
  bib2html_rescat = {General RL}
}

@book{meyn2012markov,
  title     = {Markov chains and stochastic stability},
  author    = {Meyn, Sean P and Tweedie, Richard L},
  year      = {2012},
  publisher = {Springer Science \& Business Media}
}

@book{sutton2018reinforcement,
  title     = {Reinforcement learning: An introduction},
  author    = {Sutton, Richard S and Barto, Andrew G},
  year      = {2018},
  publisher = {MIT press}
}

@article{watkins1992q,
  title     = {Q-learning},
  author    = {Watkins, Christopher JCH and Dayan, Peter},
  journal   = {Machine learning},
  volume    = {8},
  pages     = {279--292},
  year      = {1992},
  publisher = {Springer}
}